<?xml version="1.0" encoding="UTF-8"?><record xmlns="http://www.loc.gov/MARC21/slim" xmlns:cinclude="http://apache.org/cocoon/include/1.0" xmlns:zs="http://www.loc.gov/zing/srw/">
  <leader>00565nz  a2200145n  4500</leader>
  <controlfield tag="001">no 97038780 </controlfield>
  <controlfield tag="003">DLC</controlfield>
  <controlfield tag="005">19970626052341.4</controlfield>
  <controlfield tag="008">970625n| acannaab|          |n ana     c</controlfield>
  <datafield tag="010" ind1=" " ind2=" ">
    <subfield code="a">no 97038780 </subfield>
  </datafield>
  <datafield tag="035" ind1=" " ind2=" ">
    <subfield code="a">(OCoLC)oca04373160 </subfield>
  </datafield>
  <datafield tag="040" ind1=" " ind2=" ">
    <subfield code="a">GU</subfield>
    <subfield code="c">GU</subfield>
  </datafield>
  <datafield tag="110" ind1="2" ind2="0">
    <subfield code="a">American Society (Organization : New York, N.Y.)</subfield>
  </datafield>
  <datafield tag="670" ind1=" " ind2=" ">
    <subfield code="a">Concerts-in-the-home. Bach, J.S. Trio sonata #1 in C major [SR] 1959:</subfield>
    <subfield code="b">label (American Society; New York, N.Y.)</subfield>
  </datafield>
  <datafield tag="670" ind1=" " ind2=" ">
    <subfield code="a">OCLC 36179518: The royal music of Europe [SR] 1959</subfield>
    <subfield code="b">(statement of responsibility: "The American Society presents ...")</subfield>
  </datafield>
</record>